
@inproceedings{HanrahanRenderman,
 author = {Pat Hanrahan and Jim Lawson},
 title = {A language for shading and lighting calculations},
 booktitle = {SIGGRAPH '90: Proceedings of the 17th annual conference on Computer graphics and interactive techniques},
 year = {1990},
 isbn = {0-201-50933-4},
 pages = {289--298},
 location = {Dallas, TX, USA},
 doi = {http://doi.acm.org/10.1145/97879.97911},
 publisher = {ACM Press},
 address = {New York, NY, USA},
 }

@inproceedings{ peercy00interactive,
    author = "Mark S. Peercy and Marc Olano and John Airey and P. Jeffrey Ungar",
    title = "Interactive Multi-Pass Programmable Shading",
    booktitle = "Siggraph 2000, Computer Graphics Proceedings,",
    publisher = "ACM Press / ACM SIGGRAPH / Addison Wesley Longman",
    editor = "Kurt Akeley",
    pages = "425--432",
    year = "2000",
    url = "citeseer.ist.psu.edu/peercy00interactive.html" }

@article{ mccool-shader,
 author = {Michael McCool and Stefanus {Du Toit} and Tiberiu Popa and Bryan Chan and Kevin Moule},
 title = {Shader algebra},
 journal = {ACM Trans. Graph.},
 volume = {23},
 number = {3},
 year = {2004},
 issn = {0730-0301},
 pages = {787--795},
 doi = {http://doi.acm.org/10.1145/1015706.1015801},
 publisher = {ACM Press},
 url = {citeseer.ist.psu.edu/mccool04shader.html} }

@inproceedings{ rtsl,
    author = "Kekoa Proudfoot and William R. Mark and Svetoslav Tzvetkov and Pat Hanrahan",
    title = "A Real-Time Procedural Shading System for Programmable Graphics Hardware",
    booktitle = "Siggraph 2001, Computer Graphics Proceedings,",
    publisher = "ACM Press / ACM SIGGRAPH / Addison Wesley Longman",
    year = "2001" }

@misc{ mark03cg,
  author = "W. Mark and S. Glanville and K. Akeley",
  title = "Cg: A system for programming graphics hardware in a C-like language",
  text = "William R. Mark, Steve Glanville, and Kurt Akeley. Cg: A system for programming
    graphics hardware in a C-like language. ACM Transactions on Graphics, August
    2003.",
  year = "2003",
  url = "citeseer.ist.psu.edu/mark03cg.html" }


@misc{ mccool02shader,
  author = "M. MCCOOL and Z. QIN and T. POPA",
  title = "Shader metaprogramming",
  text = "MCCOOL M. D., QIN Z., POPA T. S.: Shader metaprogramming. In Proceedings
    of the ACM SIGGRAPH/EUROGRAPHICS conference on Graphics hardware (2002),
    Eurographics Association, pp. 57--68. revised version.",
  year = "2002",
  url = "citeseer.ist.psu.edu/mccool02shader.html" }

@inproceedings{ elliott04vertigo,
  author = "Conal Elliott",
  title = "Programming Graphics Processors Functionally",
  booktitle = "Proceedings of the 2004 Haskell Workshop",
  year = "2004",
  url = "http://conal.net/papers/Vertigo/" }
  
@inproceedings{ kautz99interactive,
    author = "Jan Kautz and Michael D. McCool",
    title = "Interactive rendering with arbitrary {BRDFs} using separable approximations",
    pages = "253--253",
    booktitle = "Proceedings of the 1999 Eurographics Rendering Workshop",
    year = "1999",
    url = "citeseer.ist.psu.edu/kautz99interactive.html" }
  

@article{ heidrich01Shading,
 author = {W. Heidrich and H.-P. Seidel},
 title = { Realistic, Hardware Accelerated Shading and Lighting},
 journal = {ACM Trans. Graph.},
 year = {1999},
 pages = {171--178},
 publisher = {ACM Press}} }

@inproceedings{ kautztowards,
    author = "Jan Kautz and Hans-Peter Seidel",
    title = "Towards Interactive Bump Mapping with Anisotropic Shift-Variant {BRDFs}",
    pages = "51--58",
    booktitle = "Proceedings of the 2000 ACM/SIGGRAPH Graphics Hardware Workshop",
    year = "2000",
    url = "citeseer.ist.psu.edu/674196.html" }
    
